<record><leader>00000cas a22000007a 4500</leader><controlfield tag="001">16071736</controlfield><controlfield tag="008">870625d18661867iauwr ne      0    0eng d</controlfield><datafield ind1=" " ind2=" " tag="010"><subfield code="a">sn 87058385 </subfield></datafield><datafield ind1=" " ind2=" " tag="040"><subfield code="a">INP</subfield><subfield code="b">eng</subfield><subfield code="c">INP</subfield><subfield code="d">OCLCQ</subfield></datafield><datafield ind1=" " ind2=" " tag="042"><subfield code="a">msc</subfield></datafield><datafield ind1="0" ind2="0" tag="245"><subfield code="a">Fayette public record.</subfield></datafield><datafield ind1="3" ind2="0" tag="246"><subfield code="a">Public record</subfield></datafield><datafield ind1="1" ind2="3" tag="246"><subfield code="a">Weekly Fayette record</subfield></datafield><datafield ind1=" " ind2=" " tag="260"><subfield code="a">Fayette, Iowa :</subfield><subfield code="b">O.C. Cole</subfield></datafield><datafield ind1=" " ind2=" " tag="300"><subfield code="a">v.</subfield></datafield><datafield ind1=" " ind2=" " tag="310"><subfield code="a">Weekly</subfield></datafield><datafield ind1="1" ind2=" " tag="362"><subfield code="a">Began Apr. 5, 1866; ceased in 1867.</subfield></datafield><datafield ind1=" " ind2=" " tag="588"><subfield code="a">Description based on: Vol. 1, no. 23 (Sept. 6, 1866).</subfield></datafield><datafield ind1=" " ind2=" " tag="752"><subfield code="a">United States</subfield><subfield code="b">Iowa</subfield><subfield code="c">Fayette</subfield><subfield code="d">Fayette.</subfield></datafield><datafield ind1="0" ind2="0" tag="785"><subfield code="t">North Iowa observer (Fayette, Iowa : 1867)</subfield></datafield></record>